%%
%  ******************************************************************************
%  * #file    Report_template_AM_Latex.bib
%  * #author  Adrian WÃ³jcik   adrian.wojcik(at)put.poznan.pl
%  *          
%  * #version 2.00
%  * #date    09 Mar 2021
%  * #brief   Mobile and embedded apps for IoT laboratory report template bibliography 
%  *
%  ******************************************************************************
%% 


@online{rpims,
	title = {Raspberry Pi 2 \& 3 Pin Mappings - Windows {IoT}},
	url = {https://docs.microsoft.com/en-us/windows/iot-core/learn-about-hardware/pinmappings/pinmappingsrpi},
	abstract = {Learn about the functionality of pin mappings for Raspberry Pi 2 and 3.},
	author = {{TerryWarwick}},
	urldate = {2021-03-09},
	langid = {english},
	file = {Snapshot:C\:\\Users\\AW\\Zotero\\storage\\P9IKCPL5\\pinmappingsrpi.html:text/html}
}

@online{bh1750,
	title = {{BH}1750 Light Sensor Pinout, Features \& Datasheet},
	url = {https://components101.com/sensors/bh1750-ambient-light-sensor},
	abstract = {{BH}1750 is a digital ambient light sensor that is used commonly used in mobile phones to manipulate the screen brightness based on the environment lighting.},
	titleaddon = {Components101},
	urldate = {2021-03-09},
	langid = {english},
	file = {Snapshot:C\:\\Users\\AW\\Zotero\\storage\\LR8RKWGD\\bh1750-ambient-light-sensor.html:text/html}
}
@online{ekursy,
	title = {Szablon sprawozdania},
	url = {https://ekursy.put.poznan.pl},
	langid = {english},
}